<?xml version="1.0" encoding="UTF-8"?><collection xmlns="http://www.loc.gov/MARC21/slim"><record><leader>00606nam--2200193-i-4500</leader><controlfield tag="001">000015368</controlfield><controlfield tag="002">20161230</controlfield><controlfield tag="005">20161230201031</controlfield><controlfield tag="008">060222s1000------------r-----000-0-ger-d</controlfield><datafield ind1=" " ind2=" " tag="040"><subfield code="a">IFIN-HH</subfield></datafield><datafield ind1=" " ind2=" " tag="041"><subfield code="a">ger</subfield></datafield><datafield ind1=" " ind2=" " tag="080"><subfield code="a">53(076.1)</subfield></datafield><datafield ind1="1" ind2=" " tag="100"><subfield code="a">Buscherowsky, Hubert</subfield></datafield><datafield ind1="1" ind2="0" tag="245"><subfield code="a">Aufgabensammlung physik. teil 2: zu dem stoffgebieten der klassen 9 und 10</subfield><subfield code="c">Hubert buscherowsky, rudolf gobel, rudolf rosenthal, georg schollmeyer</subfield></datafield><datafield ind1=" " ind2=" " tag="260"><subfield code="a">Berlin</subfield><subfield code="b">Volk Und Wissen Volkseigener Verlag</subfield><subfield code="c">1981</subfield></datafield><datafield ind1=" " ind2=" " tag="300"><subfield code="a">168 P</subfield></datafield><datafield ind1="1" ind2=" " tag="700"><subfield code="a">Schollmeyer, Georg</subfield></datafield><datafield ind1=" " ind2=" " tag="852"><subfield code="a">77602</subfield><subfield code="c">53</subfield></datafield><datafield ind1=" " ind2=" " tag="CAT"><subfield code="a">Sys</subfield><subfield code="c">20150813</subfield><subfield code="h">145604</subfield></datafield></record></collection>